
@book{付梦印2003,
  title={Kalman滤波理论及其在导航系统中的应用},
  author={付梦印 and 邓志红 and 张继伟},
  publisher={北京：科学出版社},
  year={2003},
  page={89-97}
}

@phdthesis{邓宇2007,
  author = {邓宇},
  title = {复杂背景下的运动目标检测技术研究},
  school = {贵州大学},
  year = {2007}
}

@article{张爱茜2000,
  author = {张爱茜 and 陈日清 and 魏东斌 and 王连生},
  title = {氯代芳香族化合物对羊角月牙藻的毒性及QSAR分析},
  journal = {中国环境科学},
  volume = {20},
  number = {02},
  pages = {102-105},
  year = {2000},
  issn = {1000-6923}
}

@inproceedings{Stauffer1999,
  title={Adaptive background mixture models for real-time tracking},
  author={Stauffer, Chris and Grimson, W Eric L},
  booktitle={Proceedings. 1999 IEEE computer society conference on computer vision and pattern recognition (Cat. No PR00149)},
  volume={2},
  pages={246--252},
  year={1999},
  organization={IEEE}
}

@Comment{jabref-meta: databaseType:bibtex;}
