
@book{童星2002,
  title={社会保障与管理},
  author={童星},
  publisher={南京：南京大学出版社},
  year={2002},
}

@book{郑功成2002,
  title={中国社会保障制度变迁与评估},
  author={郑功成},
  publisher={北京：中国人民大学出版社},
  year={2002},
}

@mastersthesis{陈洁2003,
author = {陈洁},
title = {借鉴国外经验发展中国特色的社会医疗保险},
school = {对外经济贸易大学},
year = {2003}
}

@Comment{jabref-meta: databaseType:bibtex;}
